@inproceedings{Fritz2004THEKD,
  author = {Mario Fritz and Eric Hayman and Barbara Caputo and J. O. Eklundh},
  title  = {THE KTH-TIPS database},
  year   = {2004}
}

@article{JMLR:v21:19-047,
  author  = {Mathieu Andreux and Tomás Angles and Georgios Exarchakis and Roberto Leonarduzzi and Gaspar Rochette and Louis Thiry and John Zarka and Stéphane Mallat and Joakim Andén and Eugene Belilovsky and Joan Bruna and Vincent Lostanlen and Muawiz Chaudhary and Matthew J. Hirn and Edouard Oyallon and Sixin Zhang and Carmine Cella and Michael Eickenberg},
  title   = {Kymatio: Scattering Transforms in Python},
  journal = {Journal of Machine Learning Research},
  year    = {2020},
  volume  = {21},
  number  = {60},
  pages   = {1--6},
  url     = {http://jmlr.org/papers/v21/19-047.html}
}